<?xml version="1.0" encoding="UTF-8"?>
<record xmlns="http://www.loc.gov/MARC21/slim">
   <leader>01030cam a2200265Ma 4500</leader>
   <controlfield tag="001">2758032</controlfield>
   <controlfield tag="003">NjP</controlfield>
   <controlfield tag="005">20171010173446.0</controlfield>
   <controlfield tag="008">860626m19639999iq            000 0 araod</controlfield>
   <datafield tag="024" ind1="7" ind2=" ">
      <subfield code="a">princeton_aco004242</subfield>
      <subfield code="2">local</subfield>
   </datafield>
   <datafield ind1=" " ind2=" " tag="010">
      <subfield code="a">   78232348 /NE </subfield>
   </datafield>
   <datafield ind1=" " ind2=" " tag="035">
      <subfield code="a">(OCoLC)ocm21609352</subfield>
   </datafield>
   <datafield ind1=" " ind2=" " tag="035">
      <subfield code="9">CNF1997TS</subfield>
   </datafield>
   <datafield ind1=" " ind2=" " tag="040">
      <subfield code="a">CUY</subfield>
      <subfield code="c">CUY</subfield>
      <subfield code="d">OCL</subfield>
      <subfield code="d">PUL</subfield>
   </datafield>
   <datafield ind1="0" ind2=" " tag="050">
      <subfield code="a">BP161.2</subfield>
      <subfield code="b">.A49</subfield>
   </datafield>
   <datafield ind1="1" ind2=" " tag="100">
      <subfield code="a">Amīn, Aḥmad,</subfield>
      <subfield code="d">1886-1954.</subfield>
      <subfield code="0">http://id.loc.gov/authorities/names/n50058046</subfield>
   </datafield>
   <datafield ind1="1" ind2="0" tag="245">
      <subfield code="a">Takāmul fī al-Islām /</subfield>
      <subfield code="c">bi-qalam Aḥmad Amīn.</subfield>
   </datafield>
   <datafield ind1=" " ind2=" " tag="260">
      <subfield code="a">al-Najaf :</subfield>
      <subfield code="b">Dār al-Nuʻmān,</subfield>
      <subfield code="c">1383-[1963 or 4-]</subfield>
   </datafield>
   <datafield ind1=" " ind2=" " tag="300">
      <subfield code="a">v in ;</subfield>
      <subfield code="c">24 cm.</subfield>
   </datafield>
   <datafield ind1=" " ind2=" " tag="500">
      <subfield code="a">In Arabic.</subfield>
   </datafield>
   <datafield ind1=" " ind2=" " tag="500">
      <subfield code="a">Vol. 1: 4th ed., 1966; v. 2-3: 3d ed., 1963 or 4-68; v. 4-5: 2d ed., 1968; v. 6 1967, lacks ed. statement.</subfield>
   </datafield>
   <datafield ind1=" " ind2=" " tag="590">
      <subfield code="a">Vol. 3: 1st ed.</subfield>
   </datafield>
   <datafield ind1=" " ind2=" " tag="500">
      <subfield code="a">Vol. 3 has imprint: al-Najaf, Dār al-Nūʻmān.</subfield>
   </datafield>
   <datafield ind1=" " ind2="0" tag="650">
      <subfield code="a">Islam</subfield>
      <subfield code="0">http://id.loc.gov/authorities/subjects/sh85068390</subfield>
   </datafield>
   <datafield ind1=" " ind2=" " tag="945">
      <subfield code="a">F</subfield>
      <subfield code="b">1</subfield>
      <subfield code="c">2264.11234.389.1961</subfield>
      <subfield code="e">v.1-6</subfield>
   </datafield>
   <datafield ind1=" " ind2=" " tag="911">
      <subfield code="a">20000130</subfield>
   </datafield>
   <datafield ind1="8" ind2=" " tag="852">
      <subfield code="0">3068797</subfield>
      <subfield code="b">rcppa</subfield>
      <subfield code="t">1</subfield>
      <subfield code="h">2264.11234.389.1961</subfield>
      <subfield code="x">tr fr f</subfield>
   </datafield>
   <datafield ind1=" " ind2="0" tag="866">
      <subfield code="0">3068797</subfield>
      <subfield code="a">v. 1-v. 6</subfield>
   </datafield>
   <datafield ind1=" " ind2=" " tag="959">
      <subfield code="a">2010-12-29 12:20:11 -0500</subfield>
   </datafield>
</record>
